/home/julien/Documents/biblio/bibtex/manuscripts-dhm.bib